<record><leader>00000cas a2200000 a 4500</leader><controlfield tag="001">15876212</controlfield><controlfield tag="008">870610d19211930iludn ne      0   a0eng c</controlfield><datafield ind1=" " ind2=" " tag="010"><subfield code="a">sn 87082789 </subfield></datafield><datafield ind1=" " ind2=" " tag="040"><subfield code="a">NPV</subfield><subfield code="b">eng</subfield><subfield code="c">NPV</subfield><subfield code="d">NVF</subfield><subfield code="d">OCLCF</subfield><subfield code="d">NVF</subfield><subfield code="d">OCLCO</subfield></datafield><datafield ind1="1" ind2=" " tag="029"><subfield code="a">AU@</subfield><subfield code="b">000020473739</subfield></datafield><datafield ind1=" " ind2=" " tag="042"><subfield code="a">pcc</subfield></datafield><datafield ind1=" " ind2=" " tag="043"><subfield code="a">n-us-il</subfield></datafield><datafield ind1="0" ind2=" " tag="130"><subfield code="a">Hoopeston chronicle herald (Hoopeston, Ill. : Daily)</subfield></datafield><datafield ind1="1" ind2="4" tag="245"><subfield code="a">The Hoopeston chronicle herald.</subfield></datafield><datafield ind1="1" ind2="7" tag="246"><subfield code="a">Chronicle-herald</subfield></datafield><datafield ind1="3" ind2=" " tag="246"><subfield code="a">Chronicle herald</subfield></datafield><datafield ind1=" " ind2=" " tag="260"><subfield code="a">Hoopeston, Ill. :</subfield><subfield code="b">Aldrich Ptg. &amp; Pub. Co., Inc.,</subfield><subfield code="c">1921-1930.</subfield></datafield><datafield ind1=" " ind2=" " tag="300"><subfield code="a">v.</subfield></datafield><datafield ind1=" " ind2=" " tag="310"><subfield code="a">Daily (except Sunday)</subfield></datafield><datafield ind1="1" ind2=" " tag="362"><subfield code="a">Began in Apr. 1921.</subfield></datafield><datafield ind1="0" ind2=" " tag="362"><subfield code="a">-v. 58, no. 235 (Oct. 11, 1930).</subfield></datafield><datafield ind1=" " ind2=" " tag="515"><subfield code="a">Issue for v. 41, no. 229 (Jan. 5, 1922) erroneously designated as Jan. 4, 1922. Continues with Jan. 6.</subfield></datafield><datafield ind1=" " ind2=" " tag="580"><subfield code="a">Weekly eds.: Hoopeston chronicle herald (Hoopeston, Ill. : Weekly), 1921-&lt;1922&gt;, and: Weekly chronicle-herald, &lt;1923-1924&gt;.</subfield></datafield><datafield ind1=" " ind2=" " tag="580"><subfield code="a">Formed by the union of: Hoopeston daily chronicle and: Hoopeston evening herald.</subfield></datafield><datafield ind1=" " ind2=" " tag="588"><subfield code="a">Description based on: Vol. 41, no. 229 (Jan. 4, 1922).</subfield></datafield><datafield ind1=" " ind2="0" tag="651"><subfield code="a">Hoopeston (Ill.)</subfield><subfield code="v">Newspapers.</subfield></datafield><datafield ind1=" " ind2="7" tag="651"><subfield code="a">Illinois</subfield><subfield code="z">Hoopeston.</subfield><subfield code="2">fast</subfield><subfield code="0">(OCoLC)fst01219152</subfield></datafield><datafield ind1=" " ind2="7" tag="655"><subfield code="a">Newspapers.</subfield><subfield code="2">fast</subfield><subfield code="0">(OCoLC)fst01423814</subfield></datafield><datafield ind1=" " ind2=" " tag="752"><subfield code="a">United States</subfield><subfield code="b">Illinois</subfield><subfield code="c">Vermilion</subfield><subfield code="d">Hoopeston.</subfield></datafield><datafield ind1="1" ind2=" " tag="775"><subfield code="t">Hoopeston chronicle herald (Hoopeston, Ill. : Weekly)</subfield><subfield code="w">(DLC)sn 91055884</subfield><subfield code="w">(OCoLC)24877240</subfield></datafield><datafield ind1="1" ind2=" " tag="775"><subfield code="t">Weekly chronicle-herald</subfield><subfield code="w">(DLC)sn 91055885</subfield><subfield code="w">(OCoLC)24877287</subfield></datafield><datafield ind1="1" ind2="4" tag="780"><subfield code="t">Hoopeston daily chronicle</subfield><subfield code="w">(DLC)sn 91055883</subfield><subfield code="w">(OCoLC)24877161</subfield></datafield><datafield ind1="1" ind2="4" tag="780"><subfield code="t">Hoopeston evening herald</subfield><subfield code="w">(DLC)sn 91055882</subfield><subfield code="w">(OCoLC)24877460</subfield></datafield><datafield ind1="0" ind2="0" tag="785"><subfield code="t">Chronicle herald (Hoopeston, Ill.)</subfield><subfield code="w">(DLC)sn 91055886</subfield><subfield code="w">(OCoLC)24877655</subfield></datafield></record>